@article{georg1998switchable,
  title={Switchable glazing with a large dynamic range in total solar energy transmittance (TSET)},
  author={Georg, Andreas and Graf, Wolfgang and Schweiger, Dietmar and Wittwer, Volker and Nitz, Peter and Wilson, Helen Rose},
  journal={Solar energy},
  volume={62},
  number={3},
  pages={215--228},
  year={1998},
  publisher={Elsevier}
}